3256 5264
702 759 811 816 ,49
935 715 938 721 .

175 927 341 994 Nuntius
357 936 541 1014 acceptus.
592 927 806 1010 Terraeque
822 926 1066 1012 hominesque
1082 925 1265 993 tacebant.

175 1036 304 1102 Fastos
321 1036 466 1101 interea
482 1055 666 1122 perpauca
681 1043 720 1100 et
736 1035 926 1122 opuscula,
946 1034 1041 1102 curti

176 1144 275 1210 Nam
292 1144 405 1210 foruli
422 1144 541 1222 nobis,
561 1143 772 1228 iterumque
789 1143 1001 1229 iterumque
1018 1142 1180 1229 legendo

176 1253 425 1319 Callebamus.
478 1252 596 1318 Erant
612 1251 767 1319 comites
782 1259 820 1318 et
835 1252 919 1318 ficta
935 1252 1119 1338 pudenter

176 1361 330 1438 Fabula,
348 1381 441 1447 opus
457 1360 584 1447 pueris
600 1360 759 1427 vetitum
779 1359 1007 1444 minimeque
1023 1360 1239 1437 vetandum,

177 1469 226 1536 Et
242 1469 352 1556 pretii
368 1489 499 1536 versus
515 1468 649 1535 incerti
665 1468 791 1534 codice
808 1468 847 1533 in
863 1488 953 1544 uno,

177 1579 284 1644 Musa
301 1578 436 1662 quibus
451 1578 550 1665 palla
566 1577 751 1645 succincta
768 1577 973 1643 Ellwoodia
988 1577 1103 1654 fusca,

177 1686 265 1752 Non
282 1683 403 1773 genus
419 1687 512 1752 haec
530 1686 684 1764 Phoebi,
704 1707 794 1751 naso
810 1685 1068 1772 ingeminante
1085 1704 1269 1764 sonorem,

177 1796 324 1861 Proelia
342 1794 499 1861 Davidis
514 1795 816 1882 Judaeorumque
833 1794 998 1860 canebat.

177 1904 314 1970 Cursor
329 1914 366 1970 at
381 1925 465 1969 ecce
483 1903 590 1989 gravi
607 1903 758 1969 tardans
773 1902 935 1989 vestigia
950 1923 1093 1989 gressu,

176 2013 346 2078 Annales
362 2013 462 2100 pagi,
482 2031 637 2077 nummo
652 2012 787 2078 venale
803 2031 999 2098 papyrum,

177 2121 324 2188 Adfert.
376 2122 516 2188 Cuncta
532 2120 631 2186 oculi
647 2130 805 2197 narrata,
825 2119 999 2206 cupidine
1016 2119 1119 2196 victi,

176 2228 318 2296 Cuncta
333 2239 481 2306 vorant,
500 2229 596 2294 soles
612 2229 703 2294 dum
720 2228 869 2294 devolat
883 2228 930 2295 ad
947 2227 1092 2314 tepidos
1107 2247 1225 2293 mens

176 2337 274 2423 Quot
290 2337 415 2404 subito
431 2346 555 2423 gestas
572 2358 619 2403 en
637 2337 826 2403 cernimus
841 2336 970 2402 ordine
988 2336 1083 2401 miro

175 2447 252 2511 Res
269 2454 458 2530 terrasque
476 2446 604 2512 novas!
654 2445 776 2511 Pictos
792 2455 1003 2531 spectamus
1019 2452 1152 2510 euntes

175 2554 384 2620 Armiferos
401 2554 564 2620 Creekos
582 2553 947 2639 MacGregorumque
963 2551 1151 2618 furentem

177 2663 370 2729 Incursare
387 2683 483 2749 vage
500 2662 738 2729 Costaricana
753 2682 820 2748 per
836 2682 935 2727 arva.
