3256 5264
802 812 836 862 ⁴⁴

335 975 446 1043 Lucis
462 996 581 1063 egena
597 985 723 1044 tamen
739 977 907 1063 serisque
923 978 1109 1046 caloribus
1125 979 1214 1045 orba

240 1084 387 1152 Occidit
402 1085 467 1152 illa
485 1084 577 1164 dies,
596 1105 734 1153 canens
749 1094 787 1152 et
803 1085 944 1154 vortice
961 1086 1035 1152 late

242 1192 331 1259 Nox
347 1192 550 1260 furibunda
566 1192 693 1260 nivem
708 1193 874 1281 rapidam
891 1215 958 1281 per
973 1195 1085 1261 inane
1101 1203 1286 1262 rotantem

243 1301 346 1389 Egit,
366 1321 460 1390 quae
476 1301 622 1369 violens
637 1304 736 1368 ultro
752 1301 916 1387 citroque
934 1304 1076 1369 ruebat.

240 1410 400 1498 Jamque
416 1409 582 1477 fenestra
597 1411 698 1498 gelu,
719 1430 788 1476 nec
805 1410 928 1477 adhuc
944 1411 1175 1496 requiescere
1192 1420 1352 1500 tempus,

244 1519 314 1586 Est
330 1519 531 1594 cumulata3
555 1538 689 1605 graves
705 1519 780 1584 udo
796 1519 984 1585 velamine
1001 1520 1188 1603 quondam

245 1626 326 1694 Pali
341 1626 417 1693 iam
433 1626 530 1694 facie
546 1636 707 1713 surgunt
723 1627 920 1694 simulacra
936 1627 1052 1693 nivali

244 1735 323 1804 Ceu
340 1734 504 1802 tunicata
518 1735 639 1802 modis
654 1735 716 1801 en!
741 1755 809 1823 per
823 1736 1031 1823 specularia
1046 1734 1162 1802 miris.

337 1960 476 2048 Mugiit
492 1960 639 2027 assiduo
657 1980 799 2048 pernox
815 1961 976 2029 clamore
993 1962 1165 2049 procella.

245 2071 386 2136 Nullus
401 2089 512 2135 mane
529 2069 650 2154 jubam
675 2069 851 2156 globulos
866 2070 1069 2156 stellasque
1084 2070 1265 2148 imitatae,

246 2178 412 2245 Naturae
429 2197 606 2245 numeros
620 2197 714 2263 quae
731 2176 826 2244 mira
842 2185 880 2244 et
894 2177 1002 2264 signa
1018 2179 1201 2258 ferebant,

246 2287 515 2372 Pelliculasque
531 2285 592 2352 die
608 2295 687 2353 tota
703 2286 867 2352 cecidere
884 2287 1052 2373 pruinae.

248 2395 332 2462 Lux
347 2405 473 2461 autem
489 2394 631 2480 liquido
649 2393 755 2461 fulsit
772 2415 855 2462 cum
871 2395 983 2462 tertia
999 2396 1113 2473 caelo,

244 2504 353 2571 Tunc
367 2503 497 2589 ignota
514 2502 628 2589 prius,
648 2523 718 2568 nec
733 2503 894 2589 propria,
913 2503 1102 2570 cernimus
1117 2523 1217 2570 arva.

247 2612 326 2678 Nix
342 2612 565 2696 ubicumque
582 2610 694 2677 micat
711 2621 906 2690 terrarum,
927 2612 1083 2678 candida
1099 2612 1145 2678 ab
1161 2612 1237 2678 alto

244 2723 421 2806 Aequora
437 2720 628 2787 caeruleus
644 2719 733 2785 dum
750 2719 1067 2807 circumplectitur
1083 2721 1222 2787 aether.

247 2829 388 2896 Nubila
404 2830 509 2895 nulla
524 2829 621 2916 polo,
641 2827 762 2914 campi
779 2848 855 2893 non
871 2829 1002 2915 jugera
1018 2829 1114 2896 circa

246 2939 335 3006 Ulla
350 2946 518 3004 manent:
543 2936 694 3002 nivibus
710 2936 821 3002 modo
838 2947 983 3004 constat
1000 2938 1164 3004 mundus
1180 2946 1218 3005 et
1234 2937 1373 3006 aethra.

174 3125 177 3131 ‚
245 3030 343 3113 Ecce
359 3065 495 3111 novam
511 3043 673 3133 speciem
690 3053 838 3112 veteres
854 3054 1000 3112 traxere
1016 3046 1169 3132 figurae.

247 3154 387 3222 Lucida
404 3173 563 3239 namque
579 3153 676 3219 tholi
692 3164 852 3240 surgunt
871 3153 1049 3221 miracula
1066 3165 1105 3220 et
1121 3173 1235 3233 arces,

248 3264 393 3330 Horrea
408 3283 503 3348 quae
519 3262 669 3328 fuerant
685 3270 723 3327 et
738 3261 848 3328 harae
866 3282 1066 3348 murusque
1083 3283 1300 3349 nemusque.

248 3373 409 3439 Lacteus
424 3381 482 3437 est
498 3370 666 3437 tumulus
682 3370 881 3455 mollisque
897 3371 962 3436 ubi
979 3371 1083 3456 ligna
1099 3372 1271 3456 jacebant

247 3481 509 3564 Iniormesque
525 3479 609 3545 viae
626 3487 724 3544 sunt.
775 3479 837 3544 Ad
854 3479 1059 3546 retinacula
1075 3479 1193 3566 stipes

247 3592 369 3677 Aptus
385 3588 426 3654 fit
442 3587 577 3665 senior,
597 3586 656 3654 cui
673 3587 939 3672 cristatumque
955 3589 1124 3674 galerum

248 3698 306 3766 Sit
322 3699 524 3780 laxumque
541 3714 687 3782 sagum.
739 3696 856 3762 Puteo
873 3706 960 3762 sunt
977 3696 1102 3763 Serica
1118 3705 1227 3763 tecta.

248 3807 390 3893 Ingens
406 3804 496 3891 quin
513 3804 635 3870 malus
651 3802 875 3890 laticumque
891 3804 1156 3871 adcommodus
1171 3805 1308 3872 haustu

250 3915 384 3981 Exstat
399 3932 641 3990 marmoreus,
662 3911 756 3978 Pisis
772 3932 838 3979 ceu
854 3912 1017 4000 pendula
1033 3913 1163 3979 moles.

344 4156 425 4222 Nec
445 4173 562 4220 mora:
595 4153 698 4232 “Sit,
720 4154 837 4240 pueri.
859 4154 1033 4221 manibus
1052 4154 1147 4221 mihi
1168 4155 1301 4222 semita
1320 4155 1473 4224 vestris!
1487 4159 1509 4185 ”

253 4265 420 4353 Impiger
435 4263 528 4329 haec
544 4262 703 4349 genitor.
756 4263 862 4330 Laeti
878 4269 980 4352 (nam
997 4264 1099 4348 jussa
1115 4264 1238 4330 coloni

251 4375 358 4442 Talia
373 4392 523 4458 semper
538 4390 656 4436 ovans
671 4371 812 4459 accepit
829 4373 990 4438 mascula
1007 4373 1146 4459 proles)
