3256 5264
757 795 789 847 14

247 959 426 1028 Gramina
440 981 551 1048 saepe
567 961 692 1048 gravis
708 961 798 1027 dum
815 970 924 1028 tunsa
940 962 1108 1028 canicula
1124 970 1242 1028 torret

340 1069 498 1156 Uritque
513 1069 679 1137 aestivus
695 1080 799 1158 prata
815 1070 976 1138 virentia
991 1071 1061 1150 sol,

246 1194 424 1282 Contigui
440 1206 642 1283 properant
657 1196 759 1263 facili
775 1198 865 1263 dum
881 1217 1071 1263 murmure
1088 1196 1205 1264 fontis

340 1304 533 1392 Lymphae
549 1314 743 1372 manantes
759 1305 940 1393 obstrepit
956 1315 995 1372 et
1010 1305 1142 1393 paries,

248 1429 416 1518 Respicit
433 1451 480 1497 en
496 1431 632 1498 iterum
651 1432 799 1518 patulae
815 1431 884 1498 sub
901 1431 1067 1518 tegmine
1084 1432 1174 1498 mali

340 1539 410 1606 Illa
426 1539 591 1625 equitem
608 1540 768 1606 tendens
784 1540 847 1625 qui
864 1540 1066 1608 retinacula
1083 1549 1168 1618 stat,

247 1664 414 1753 Respicit
430 1674 469 1731 et
485 1665 637 1732 timidos
653 1686 701 1731 ex
723 1665 788 1732 illo
804 1674 953 1751 torquet
968 1667 1116 1744 ocellos,

339 1773 521 1860 Virgineo
538 1773 712 1862 cupidum
730 1774 844 1841 sentit
861 1783 902 1840 ut
919 1794 982 1840 ore
999 1774 1084 1840 frui.

248 1897 391 1985 Ingens
408 1919 503 1985 quae
519 1901 594 1966 late
611 1900 758 1986 fulgore
774 1900 934 1987 superba
950 1900 1097 1966 renidet

339 2008 437 2074 Aula
453 2028 502 2073 en
518 2009 559 2075 fit
576 2009 746 2094 quotiens
763 2018 888 2075 mente
906 2009 1027 2075 culina
1042 2008 1180 2074 brevis.

247 2133 417 2200 Vertitur
433 2154 480 2200 en
497 2134 671 2220 quotiens
686 2134 726 2200 in
743 2135 913 2221 cymbala
928 2134 1034 2201 fusus
1049 2135 1202 2214 eburna,

339 2242 502 2309 Candela
518 2243 558 2308 in
574 2243 754 2329 lychnum
771 2243 931 2310 vertitur
947 2253 984 2310 et
1001 2243 1168 2310 rutilum.

248 2366 426 2434 Sordidus
442 2379 528 2435 ante
545 2368 670 2435 focum
685 2369 867 2436 calamum
884 2369 948 2454 qui
965 2368 1064 2454 sugit
1081 2370 1256 2436 adustum

342 2476 455 2543 Potus
472 2477 677 2543 dormitans
693 2496 825 2542 raucus
842 2486 879 2543 et
894 2477 1132 2565 increpitans,

248 2582 308 2649 En
324 2584 441 2652 oritur
456 2585 624 2672 quotiens
640 2586 748 2653 vultu
765 2585 933 2671 facieque
950 2586 1119 2652 decorus!

340 2694 426 2761 Non
444 2695 688 2761 metuendum
704 2694 777 2780 juS,
798 2715 873 2760 non
890 2695 1115 2761 metuendus
1131 2715 1246 2768 amor,

248 2822 465 2908 Diffugiunt
482 2820 625 2907 species
641 2820 802 2908 suspirat
817 2832 855 2888 et
870 2821 949 2886 illa:
978 2831 1001 2858 ⁴‘
1015 2821 1163 2888 Fuisset
1177 2822 1215 2885 !’'

339 2929 528 3017 Fungitur
544 2939 581 2996 et
599 2930 702 2995 duris
719 2929 818 2995 fessa
834 2929 1064 2996 ministeriis.

249 3039 335 3107 Heu
352 3038 554 3106 miserandi
570 3038 694 3104 ambo!
720 3038 884 3104 nummis
900 3047 940 3104 tu
956 3047 1119 3104 maestus
1134 3038 1269 3118 avaris,

338 3149 464 3234 Aegra
480 3146 608 3213 labore
624 3156 663 3213 et
678 3155 731 3225 tu,
751 3147 892 3234 pallida
908 3166 1017 3213 serva
1032 3147 1115 3212 viri.

248 3275 377 3341 Pareat
392 3273 540 3358 utrique
559 3273 674 3351 Deua,
693 3281 819 3359 parcat
834 3272 1054 3358 quandoque
1070 3274 1247 3358 juventae

340 3381 670 3450 Mortales‘frustra
686 3380 830 3447 somnia
847 3381 935 3447 heu!
953 3391 1138 3469 repetunt.

248 3512 387 3579 Nullus
403 3508 504 3575 enim
522 3507 684 3594 gemitus
700 3517 777 3574 tam
793 3506 912 3574 tristis
928 3517 1076 3595 pectora
1092 3517 1215 3574 versat

340 3620 459 3705 Quam
476 3617 509 3683 si
526 3616 683 3683 sollicita
699 3637 791 3684 voce
819 3627 843 3655 “
856 3616 1015 3682 Fuisset!
1028 3617 1046 3641 ”
1070 3616 1136 3683 ais.

249 3748 395 3814 Mentes
411 3764 520 3831 saepe
537 3742 733 3809 hominum
750 3741 900 3829 penitus
916 3761 1008 3827 quae
1024 3743 1161 3808 blanda
1177 3742 1316 3809 fefellit

340 3855 433 3942 Spes
450 3852 642 3937 tenuitque
659 3850 817 3929 animos,
837 3851 985 3917 condita
1002 3850 1055 3918 sic
1071 3852 1216 3918 tumulo
1231 3860 1289 3919 est

248 3983 417 4065 Saxaque
436 3986 652 4066 presserunt
667 3977 794 4055 imam,
813 3976 1035 4042 caelestibus
1051 3976 1142 4042 olim

342 4086 544 4176 Eripienda
559 4085 664 4151 illinc
680 4085 807 4151 forsan
823 4086 870 4151 ab
887 4085 1049 4152 alitibus.
