3256 5264
880 745 912 795 13

348 916 373 944 ⁴⁶
387 908 473 975 Non
490 918 580 975 tnnc
596 908 768 996 ancipitis
785 919 997 996 premerent
1013 909 1218 976 certamina
1234 907 1328 994 juris

439 1017 501 1084 Me
517 1026 717 1104 urgeretve
734 1037 888 1105 crepans
904 1018 1054 1104 garrula
1070 1018 1180 1085 turba
1196 1017 1279 1095 fori,

349 1151 457 1209 “Ast
471 1142 656 1231 pecudum
670 1142 835 1229 gemitus
850 1143 1049 1230 aviumque
1065 1143 1134 1210 sub
1150 1143 1301 1210 aethere
1318 1150 1449 1208 cantus

439 1251 665 1317 Praeberent
681 1251 828 1339 placido
844 1251 979 1338 gaudia
995 1260 1075 1319 tuta
1090 1250 1254 1318 animo.”

346 1376 420 1444 Sed
437 1376 580 1463 gelidas
597 1386 745 1444 revocat
760 1377 973 1464 rigidasque
989 1377 1053 1445 ubi
1070 1386 1196 1444 mente
1211 1396 1356 1444 sorores

439 1485 629 1572 Materque
646 1486 807 1553 occurrit
823 1487 916 1553 dura
931 1485 1151 1574 superciliis,

323 1666 324 1669 ,
347 1610 475 1698 Pergit
490 1610 563 1678 iter
578 1612 713 1680 tacitus
730 1622 970 1700 permotaque
986 1613 1096 1680 corda
1113 1612 1288 1689 refrenat,

439 1719 519 1787 Nec
534 1722 652 1787 solam
669 1721 709 1786 in
725 1740 857 1808 campo
873 1720 1016 1788 lumina
1032 1721 1127 1788 clam
1144 1729 1328 1808 repetunt.

345 1845 419 1913 Sed
436 1855 565 1913 tenero
581 1846 689 1912 illum
706 1846 810 1912 audit
826 1846 1006 1933 quidquid
1021 1857 1170 1914 cantare
1187 1865 1340 1912 susurro

440 1953 673 2022 Semibiante
691 1956 794 2021 labro
810 1956 1007 2043 postmodo
1023 1955 1242 2033 causidicus,

346 2080 421 2148 Sed
436 2100 551 2168 prope
567 2080 711 2147 fontem
730 2090 831 2147 stans
846 2081 977 2148 infecti
994 2082 1130 2148 Mauda
1144 2080 1284 2147 laboris

438 2189 642 2256 Immemor
657 2209 773 2275 usque
790 2200 916 2257 manet
929 2190 1018 2256 dum
1030 2190 1158 2277 pluvia
1174 2209 1262 2256 arva
1277 2189 1442 2255 madent.

346 2314 532 2402 Egregios
547 2315 680 2404 opibus
697 2316 791 2403 petit
806 2316 872 2382 ille
888 2316 1047 2382 subinde
1065 2317 1293 2402 hymenaeos

439 2423 667 2510 Imperiique
684 2423 836 2490 avidum
854 2445 951 2490 vana
967 2423 1101 2490 marita
1117 2433 1232 2490 tenet.

345 2544 397 2616 At
413 2570 524 2639 saepe
541 2558 628 2616 ante
645 2549 769 2617 focum
787 2550 983 2617 meditanti
998 2550 1098 2617 lucet
1113 2550 1238 2636 imago

436 2658 676 2744 Prosequitur
691 2658 853 2745 speciem
870 2660 1012 2725 lumine
1029 2669 1067 2725 et
1083 2659 1146 2725 ille
1162 2680 1271 2746 vage.

345 2782 516 2850 Mulieris
532 2794 569 2849 et
586 2803 790 2850 memorem
808 2785 949 2870 glaucis
966 2793 1174 2872 prospectat
1189 2783 1316 2850 ocellis

437 2892 743 2979 Prospiciensque
760 2901 884 2980 stupet
901 2894 1059 2961 candida
1074 2894 1241 2980 nympha
1256 2892 1391 2958 virum.

345 3017 458 3084 Laeto
475 3018 535 3083 cui
552 3018 708 3105 dapibus
724 3017 877 3104 tingunt
894 3019 925 3084 si
942 3020 1030 3086 vina
1046 3019 1204 3085 culullos

436 3127 536 3192 Fons
552 3127 676 3192 animo
693 3127 814 3215 potior
829 3127 988 3195 rusticus
1004 3127 1067 3194 ille
1084 3128 1196 3205 subit,

345 3251 446 3317 Dum
463 3251 616 3339 cupiens
633 3251 764 3319 viridis
780 3253 924 3338 quaerit
939 3273 1046 3319 mens
1062 3253 1232 3340 gramina
1247 3253 1344 3340 prati

434 3361 624 3446 Aulasque
641 3370 850 3427 exstructas
866 3370 1034 3447 tectaque
1051 3361 1151 3428 avita
1167 3361 1275 3448 fugit.

344 3485 444 3552 Dicit
461 3495 510 3553 et:
531 3487 698 3552 “Essem
716 3486 853 3554 iterum
871 3487 967 3554 liber
982 3488 1186 3573 vinclisque
1205 3488 1365 3565 solutus,
1378 3488 1398 3512 ‘'

433 3594 530 3661 Cura
547 3595 749 3682 superbum
766 3597 934 3662 cordum
951 3596 1131 3663 taciturna
1148 3595 1298 3684 premit,

344 3719 510 3805 “Qu-alis
526 3740 620 3806 equo
638 3731 766 3788 vectus
784 3722 970 3807 quondam
987 3742 1053 3811 per
1069 3743 1202 3809 pascua
1219 3721 1325 3800 cessi,

432 3828 562 3896 Stabat
577 3829 641 3895 ubi
659 3829 789 3896 niveos
805 3831 906 3897 nuda
920 3830 1046 3917 puella
1062 3831 1176 3918 pedes
1192 3831 1229 3895 !'’

341 3953 495 4040 Iamque
512 3954 617 4021 rudis
633 3954 797 4021 thalamo
815 3955 980 4022 succedit
996 3965 1033 4022 et
1050 3956 1114 4022 illa
1130 3956 1251 4023 coloni

433 4063 708 4150 Progeniesque
726 4063 903 4149 frequens
919 4064 1071 4131 cursitat
1087 4077 1173 4133 ante
1189 4065 1300 4132 fores.

338 4186 436 4255 Sunt
451 4188 624 4256 lacrimae
640 4198 765 4256 tamen
782 4198 821 4256 et
836 4209 944 4256 curae
960 4199 1160 4278 partusque
1176 4191 1323 4258 labores

431 4297 651 4383 Damnaque
668 4298 778 4364 corda
794 4298 906 4364 simul
922 4319 998 4365 non
1014 4299 1215 4367 relevanda
1230 4299 1369 4366 ferunt.
