3256 5264
812 800 846 851 45

200 964 291 1030 Alte
308 985 376 1030 nos
394 965 548 1031 rudibus
564 985 668 1031 suras
684 966 825 1033 vincire
842 965 1033 1032 cothurnis

202 1072 364 1139 Induere
382 1081 421 1140 et
438 1073 614 1150 manicas,
634 1075 778 1140 frontes
795 1075 938 1160 operire
956 1073 1122 1150 cucullis,

204 1180 343 1248 Laedat
359 1201 406 1247 ne
423 1182 575 1268 glacies
595 1182 726 1248 niveos
741 1191 779 1248 et
797 1183 965 1248 scindere
982 1202 1134 1248 acervos

206 1289 285 1355 Iam
302 1309 557 1378 properamus.
610 1291 718 1356 Iners
733 1311 806 1375 qua
821 1291 1002 1357 altissima
1018 1299 1130 1356 strata
1147 1288 1279 1375 pruina
1296 1296 1354 1354 est

205 1397 368 1465 Lucidus
384 1399 560 1464 effoditur
577 1400 738 1485 gemmis
754 1399 957 1484 vitreisque
973 1398 1111 1484 lapillis

203 1507 297 1572 Arte
315 1507 519 1574 cuniculus.
571 1508 639 1573 Est
654 1527 702 1573 en
719 1507 922 1573 Aladdinia
939 1507 1047 1572 nobis

205 1614 300 1681 Mira
315 1615 542 1700 legentibus,
561 1624 618 1682 est
635 1617 804 1682 Arabum
821 1615 983 1703 pretiosa
999 1635 1168 1681 caverna.

204 1722 369 1789 Nomina
385 1725 534 1808 jamque
552 1723 694 1802 damus,
715 1724 881 1811 magicae
898 1724 987 1789 dum
1004 1722 1184 1810 lampadis
1200 1729 1306 1810 optat
1342 1704 1349 1729 ⁸

206 1832 362 1897 Munera
378 1852 486 1897 meus
502 1832 650 1918 cupide,
666 1853 844 1919 praesepe
861 1843 898 1899 et
914 1853 1005 1900 voce
1022 1839 1196 1897 sonantes

204 1940 319 2006 Laeta
338 1962 424 2006 mox
440 1940 603 2028 petimus
619 1962 750 2028 pecora
766 1941 1035 2026 atqueincIusa
1052 1941 1205 2007 ciemus

204 2048 237 2114 T
240 2068 304 2114 um
321 2048 622 2135 circumspiciens
638 2049 789 2136 sonipes
805 2050 958 2136 proiecit
975 2059 1101 2115 acutas

205 2157 328 2224 Nares
344 2167 383 2224 et
399 2159 553 2244 stupuit,
574 2160 750 2246 strepitus
766 2167 805 2224 et
820 2169 970 2245 gutture
987 2159 1112 2245 gallus

208 2265 339 2332 Edidit
354 2275 397 2332 ut
412 2279 672 2353 properantem
690 2277 746 2332 est
763 2267 861 2354 picta
877 2277 1023 2333 caterva
1039 2275 1176 2333 secuta.

203 2375 313 2442 Tunc
330 2374 432 2440 dedit
447 2375 617 2441 esuriens
633 2375 772 2441 intorta
787 2376 944 2441 verbera
962 2384 1067 2461 tergo

204 2482 277 2548 Bos
293 2483 419 2560 cauda,
438 2483 546 2549 latuit
562 2483 665 2549 mitis
681 2505 751 2548 nec
767 2483 910 2549 lumine
927 2493 1090 2568 questus

206 2592 360 2657 Excitus
376 2613 397 2657 e
413 2612 545 2658 somno
561 2593 678 2657 veluti
697 2592 915 2678 Memphitis
931 2593 1106 2657 Amunus

206 2700 294 2765 Dux
311 2699 438 2786 gregis
454 2700 528 2766 alta
545 2700 656 2766 simul
673 2701 860 2786 sapienter
876 2720 1014 2766 cornua
1032 2708 1126 2766 nutu

204 2807 401 2893 Quassavit
417 2808 528 2875 tacito
546 2810 729 2894 percussit
746 2817 783 2875 et
798 2809 942 2895 ungula
957 2818 1106 2874 terram.

297 3173 432 3240 Priscis
447 3173 591 3240 interea
608 3174 757 3240 iabellis
773 3174 904 3240 fallere
922 3176 1041 3241 noctis

203 3280 404 3349 Certabant
418 3282 525 3370 pueri
541 3283 732 3368 multoque
748 3283 960 3369 aenigmate
976 3284 1137 3371 tempus',

202 3390 276 3456 Ore
293 3391 354 3457 vel
370 3390 410 3456 in
427 3391 525 3457 ludis
541 3400 779 3478 praeceptum
797 3391 920 3457 dicere
937 3393 1048 3458 balbo

202 3498 342 3565 Litoris
358 3499 509 3566 auriferi
527 3499 666 3586 Lybico
687 3499 732 3565 de
749 3520 839 3586 rege
855 3521 999 3587 poema.

201 3606 355 3674 Servitii
372 3607 546 3674 manibus
562 3628 646 3673 cum
664 3629 746 3674 cera
762 3609 911 3675 mollior
927 3609 999 3676 uda

201 3714 345 3783 Cuncta
360 3725 458 3783 esset
473 3716 590 3803 regio,
610 3717 756 3803 quoties
772 3718 866 3784 mihi
884 3738 1032 3786 carmen
1050 3718 1097 3785 ad
1114 3739 1225 3785 aures

200 3822 279 3890 Ceu
294 3824 410 3892 lituus
425 3824 549 3902 rediit,
570 3826 772 3892 Warrenae
789 3826 901 3894 fortia
917 3828 1046 3893 verba:

202 3933 363 3999 “Intima
381 3956 487 3999 nonne
493 3935 595 4017 jubet
611 3947 645 3999 te
661 3958 742 3999 vox:
768 3937 911 4001 sibimet
920 3939 1096 4020 petejura

203 4041 299 4122 Quae
314 4044 458 4108 Natura
474 4043 582 4109 dedit.
633 4045 726 4128 Fuge
741 4046 1003 4129 sanguinolenta
1014 4046 1174 4130 flagella,
1217 4108 1220 4114 s

197 4151 372 4235 Manctpii
385 4152 527 4217 miseros
543 4151 727 4236 indignans
736 4156 842 4236 ferre
857 4152 1024 4218 labores.''

198 4257 313 4325 Silvis
329 4260 577 4346 praecinctam
595 4260 788 4346 repetebat
805 4260 1205 4346 Memphremagogam

199 4366 349 4434 Mannis
365 4376 403 4434 at
420 4368 579 4454 genitor,
601 4389 762 4433 necnon
779 4368 976 4434 venatibus
995 4377 1100 4437 actus
