3256 5264
848 756 879 806 ll

685 1039 837 1136 Maur
868 1038 1055 1136 Mulier.

980 1392 1088 1479 Jonn
1114 1389 1157 1455 G.
1186 1389 1412 1454 Wfflrrmn.

340 1853 482 1919 Messor
498 1873 591 1938 quae
609 1851 726 1919 secuit
743 1851 948 1919 redolentia
964 1853 1041 1917 sole
1059 1861 1222 1939 tepente,

432 1961 597 2027 Mullerii
613 1961 774 2039 suboleS,
794 1960 930 2048 pabula
947 1961 1081 2027 Mauda
1097 1961 1198 2028 colit.

339 2089 502 2174 Agreste
519 2097 576 2154 est
592 2087 704 2174 capiti
721 2096 891 2173 tegmen:
915 2087 1069 2173 pulchro
1086 2087 1244 2154 excubat
1261 2087 1371 2166 infra,

432 2198 621 2262 Arvorum
638 2215 785 2274 munus,
807 2196 930 2261 mollis
947 2195 987 2260 in
1004 2215 1067 2262 ore
1084 2197 1195 2265 color.

339 2322 540 2409 Temperat
555 2331 593 2388 et
609 2331 720 2389 cantu
737 2322 881 2388 laetans
897 2321 1104 2426 hilaratque
1121 2322 1308 2399 laborem;

432 2432 577 2517 Arguta
594 2452 614 2497 e
632 2430 734 2496 foliis
751 2451 841 2498 voce
857 2430 1052 2497 imitantur
1067 2451 1167 2496 aves.

338 2555 486 2643 Aspicit
501 2565 538 2623 at
554 2556 585 2622 si
601 2556 734 2622 urbem
750 2557 950 2642 vultusque
966 2565 1154 2642 retorquet
1169 2557 1209 2622 in
1226 2556 1341 2635 illam,

433 2665 524 2731 Late
541 2665 761 2732 candentem
779 2665 935 2731 collibus
950 2665 1176 2752 impositam,

340 2790 468 2858 Cessat
483 2811 552 2857 nec
568 2791 747 2856 blandum
758 2792 857 2858 valet
873 2792 970 2857 ultra
987 2792 1121 2858 ducere
1139 2811 1301 2870 carmen,

433 2899 628 2985 Languida
644 2899 733 2964 dum
750 2900 871 2986 surgit
889 2908 1037 2986 pectore
1053 2900 1215 2966 tristitia.

340 3025 511 3092 Sectatur
527 3025 617 3111 quid
633 3046 742 3091 mens
757 3025 948 3112 agitatque
965 3025 1093 3112 ignota
1108 3026 1292 3113 voluptas,

433 3134 603 3200 Sectatur
618 3133 772 3220 cupiens
788 3143 826 3200 et
839 3134 1057 3221 pudibunda
1075 3134 1184 3221 fugit.

341 3261 394 3325 At
410 3268 628 3348 praevectus
644 3279 739 3345 equo
755 3259 873 3326 fertur
888 3259 961 3325 iam
980 3260 1268 3353 tramitesJudex

433 3367 563 3434 Fulvis
579 3368 814 3455 permulcens
831 3369 960 3434 mollia
975 3369 1071 3435 colla
1087 3368 1199 3455 jubis

341 3493 496 3560 Umbris
512 3514 583 3579 quo
599 3492 767 3580 gaudent
781 3493 946 3580 pomaria
963 3493 1084 3560 tendit
1100 3493 1265 3562 habenas

433 3602 482 3667 Et
498 3602 643 3668 salvere
659 3601 760 3688 prior
777 3601 976 3668 Mullerida
992 3602 1057 3668 ille
1072 3603 1191 3688 jubet.

339 3727 447 3794 Sistit
463 3746 676 3813 aquamque
688 3736 804 3814 rogat,
825 3727 977 3794 laticum
993 3727 1189 3796 dulcedine
1207 3739 1346 3816 captus,

433 3837 543 3903 Prato
561 3836 625 3922 qui
641 3847 795 3903 manant
810 3846 1120 3924 praetereuntque
1137 3837 1249 3904 viam.

339 3961 460 4029 Prona
472 3962 536 4028 ubi
549 3962 634 4029 fons
646 3961 793 4050 gelidus
806 3962 966 4050 trepidat
983 3973 1203 4050 spumatque
1219 3964 1441 4052 replendum

433 4071 604 4149 Parvum,
624 4071 687 4157 qui
704 4080 851 4158 praesto
867 4083 936 4149 est,
956 4072 1095 4158 mergit
1110 4084 1148 4138 et
1163 4072 1228 4138 illa
1243 4073 1424 4160 scyphum

341 4195 489 4282 Datque
505 4196 586 4264 viro
601 4196 754 4262 timidos
770 4197 895 4262 vultus
911 4196 1063 4284 perfusa
1078 4197 1224 4275 rubore,

432 4305 557 4373 Vilem
575 4305 706 4372 induta
723 4304 870 4384 stolam,
890 4306 1001 4384 nuda,
1021 4306 1219 4393 pudetque,
1238 4307 1363 4394 pedes.
1493 4334 1496 4341 ¹
