3256 5264
811 751 844 802 ³⁵

427 985 578 1084 “The
598 987 752 1104 height
773 985 822 1082 oi
841 986 916 1082 the
936 983 1224 1083 ridiculous.''

870 1189 1021 1255 Omvsn
1038 1190 1096 1254 W.
1119 1189 1298 1254 Hoturs.

445 1366 576 1452 Nugas
593 1363 783 1451 composui
800 1364 891 1430 satis
907 1365 1049 1449 jocosas

442 1474 639 1559 Quondam
656 1473 812 1538 mirifico
830 1472 980 1559 quidem
998 1474 1135 1561 lepore,

443 1583 592 1668 Quales
611 1590 652 1648 ut
667 1581 809 1659 solitus
829 1592 976 1668 putaret
993 1582 1082 1648 artis

441 1691 564 1778 Judex
581 1689 757 1776 egregiae
775 1710 907 1776 poema
923 1690 1090 1776 quisque.

442 1799 542 1885 Quin
557 1819 646 1865 vero
662 1798 878 1864 innumeros
894 1798 987 1864 mihi
1004 1799 1203 1865 cachinnos

443 1908 656 1985 Moverunt,
675 1906 791 1973 animi
807 1907 889 1976 viro
905 1908 1039 1985 severi,

443 2017 572 2102 Longe
590 2017 646 2081 illi
663 2016 885 2102 lepidissimi
902 2016 1111 2082 modorum.

442 2127 601 2191 Arcesso
618 2125 802 2190 famulum
819 2125 966 2210 citoque
983 2145 1094 2212 passu

444 2234 615 2300 Accurrit
632 2235 753 2299 bonus
769 2233 842 2307 hic,
860 2234 914 2299 eri
930 2234 1057 2321 pusilli

443 2343 517 2428 Qui
532 2343 633 2428 jussa
649 2342 804 2428 accipiat
820 2342 908 2408 satis
924 2342 1089 2429 benigne

443 2451 625 2517 Membris
641 2451 887 2538 praevalidus,
930 2461 953 2488 “
967 2451 1134 2518 Librario
1150 2453 1229 2519 des!
1240 2454 1258 2477 ’'

445 2561 614 2646 iuquam,
635 2560 809 2627 continuo
827 2560 935 2626 dicax
951 2570 989 2627 et
1004 2561 1112 2639 add0‚

444 2669 496 2734 Ut
512 2689 607 2734 mos:
635 2669 745 2734 “Det
761 2669 922 2755 pretium
939 2669 1120 2754 magister
1135 2670 1258 2736 Orci.”

490 2778 644 2843 Charias
661 2788 815 2863 occupat
832 2778 895 2842 iile
913 2779 1080 2845 curiosus

423 2959 424 2964 ἵ
444 2886 492 2952 Et
508 2895 691 2970 quaerunt
707 2886 804 2952 oculi
821 2907 953 2972 poema
971 2887 1112 2952 furtim.

443 2995 541 3061 Tum
559 3015 648 3060 vero
664 2995 818 3081 cupiens
834 2995 961 3061 hiante
978 2996 1081 3061 labro

442 3103 585 3170 Primos
601 3103 796 3191 perlegere
813 3114 851 3170 et
867 3123 997 3169 vorare
1014 3104 1170 3170 iambos.

444 3212 543 3297 Quin
560 3212 752 3278 dehiscere
768 3212 878 3279 latius
895 3224 1050 3298 repente

441 3323 492 3388 Os
508 3321 578 3399 illi,
597 3321 846 3406 auriculisque
864 3322 938 3386 iam
955 3322 1093 3398 subire,

442 3429 570 3516 Carpit
587 3430 790 3496 versiculos
807 3440 849 3496 ut
865 3431 1103 3516 insequentes

444 3539 557 3604 Risus
573 3560 614 3605 ac
631 3539 828 3627 strepitant
845 3548 995 3625 patente
1012 3540 1119 3604 rictu.

444 3647 525 3715 Nec
541 3657 671 3726 cessat,
691 3648 781 3714 furit
797 3657 835 3715 at
851 3648 971 3734 magis
987 3648 1180 3734 magisque

443 3757 629 3842 Risusque
646 3757 855 3843 ingeminat
872 3757 1058 3842 ruditque,
1078 3758 1196 3823 donec

444 3865 600 3952 Rumpit
616 3866 764 3952 cingula
780 3875 911 3932 ventre
928 3866 1132 3951 fibulasque

443 3973 492 4040 Et
508 3994 656 4060 pressus
673 3974 838 4041 tenebris
856 3975 960 4040 humi
977 3975 1169 4040 recumbit.

489 4083 630 4149 Noctes
646 4082 736 4169 quin
752 4084 915 4170 vigilans
931 4083 1059 4149 decem
1077 4083 1229 4168 diesque

442 4192 596 4258 Servavi
613 4193 805 4270 miserum,
824 4192 982 4258 subinde
999 4194 1119 4257 salsus

443 4302 541 4366 Raro
559 4321 628 4367 nec
645 4313 784 4367 temere
801 4302 841 4366 in
857 4301 951 4367 meis
967 4300 1125 4367 tabellis.
