3256 5264
978 1464 1012 1549 J.
1042 1463 1085 1529 G.
1114 1463 1340 1529 Wfflrrmn.

372 1950 594 2036 Exuperans
610 1950 700 2035 juga
717 1949 774 2015 sol
790 1948 952 2015 brumali
968 1969 1059 2015 cana
1077 1950 1277 2016 Decembri

278 2057 444 2123 Pallidus
459 2069 563 2124 ortus
580 2066 659 2123 erat
675 2077 785 2124 cursu
803 2057 1000 2143 medioque
1017 2068 1164 2145 peracto

278 2165 386 2232 Luna
401 2166 617 2252 languidius
634 2166 799 2244 dederat,
820 2165 981 2252 caligine
998 2167 1166 2246 amictuS,

276 2274 440 2342 Occidua
456 2277 596 2341 lumen.
648 2276 824 2341 Portenta
839 2295 906 2363 per
921 2276 1074 2341 aethera
1089 2285 1188 2342 certa

276 2383 436 2470 Segnior
451 2383 531 2470 ipse
547 2383 673 2449 ferens
690 2383 874 2469 taciteque
891 2384 1055 2451 minatus
1071 2385 1117 2450 ab
1132 2385 1208 2451 alto

276 2491 353 2559 Vix
369 2501 588 2578 conspectus
604 2502 696 2570 erat,
716 2492 808 2558 caeli
824 2512 908 2559 curn
925 2492 1083 2577 liquerat
1099 2513 1195 2558 oras.

277 2599 413 2686 Frigus
428 2600 517 2686 quin
534 2600 716 2687 gelidum,
736 2601 875 2688 duplex
892 2601 990 2686 quod
1006 2601 1166 2688 paenula
1181 2601 1362 2668 membris

275 2707 352 2775 Vix
367 2709 593 2796 prohiberet,
613 2718 731 2787 atrox,
751 2730 870 2796 asper,
891 2709 1114 2775 durissimus
1130 2710 1246 2796 algor,

275 2816 406 2883 Venae
422 2838 495 2904 quo
512 2818 665 2905 rapidae
682 2818 908 2904 sanguisque
925 2818 1127 2904 rigesceret
1142 2818 1241 2884 imus

274 2925 351 2992 Ora
366 2935 405 2992 et
420 2935 623 3013 torperent,
643 2927 783 3013 glacies
799 2927 1037 3010 hiememque
1054 2926 1218 3012 parabat.

275 3035 447 3103 Oceanus
464 3034 617 3101 fremitu
634 3035 781 3121 ingenti
798 3034 1024 3121 spirantibus
1041 3035 1153 3101 Euris

278 3143 406 3210 Litora
422 3144 613 3222 tundebat,
633 3145 743 3231 pulsu
760 3143 949 3228 quatiebat
966 3152 1004 3209 et
1019 3164 1108 3209 arva

276 3252 473 3318 Undarum
490 3273 624 3318 resono
642 3253 832 3337 collesque
849 3271 1056 3338 nemusque
1073 3261 1227 3318 remota.

369 3479 562 3546 Nocturna
577 3478 720 3544 interea
736 3478 857 3564 campi
873 3498 941 3543 nos
958 3498 1044 3545 cura
1059 3479 1222 3546 tenebat.

277 3587 400 3674 Ligna
415 3587 560 3653 adferre
577 3587 742 3664 domum,
761 3586 916 3652 stabulis
933 3595 1058 3673 aptare
1075 3587 1273 3674 maniplos,

277 3697 417 3762 Pabula
435 3695 481 3761 de
499 3695 658 3762 cumulis
673 3695 794 3760 bobus
809 3694 989 3782 praebere
1006 3694 1171 3779 juvabat.

276 3804 444 3871 Instabat
460 3804 611 3891 sonipes
626 3803 777 3870 hinnitu
794 3822 945 3890 poscere
961 3802 1103 3889 fruges,

275 3912 461 3981 Cornibus
476 3921 515 3980 et
530 3912 691 4000 pecudes
706 3911 895 3977 feriebant
909 3912 1069 3977 claustra
1085 3931 1154 3999 per
1169 3922 1248 3980 arta

274 4020 422 4089 Cornua
439 4020 633 4098 sollicitae,
653 4019 769 4087 furcis
785 4019 1019 4086 vibrantibus
1034 4019 1123 4087 ictu.

273 4129 311 4196 N
314 4151 356 4198 ec
371 4130 418 4196 de
436 4129 607 4197 fraxineo
624 4137 863 4218 prospectans
878 4127 1043 4194 culmine
1059 4129 1148 4197 tecti

275 4237 452 4306 Cessabat
468 4239 589 4326 gallus
606 4238 756 4305 rubram
775 4236 974 4304 demittere
991 4237 1138 4304 cristam

275 4347 487 4414 Effundens
503 4347 678 4433 querulos
693 4346 909 4434 petulanter
925 4354 1077 4433 gutture
1093 4355 1236 4414 cantus.
