3256 5264
760 793 792 844 12

227 954 366 1023 Gratus
381 964 420 1024 at
435 956 492 1024 illi
508 956 580 1026 vir:
609 966 634 995 ⁴‘
646 956 812 1044 Cyathus
828 977 904 1024 non
920 958 1064 1025 dulcior
1080 979 1268 1044 umquam,

320 1064 513 1132 Pulchrior
528 1065 628 1133 haud
643 1065 806 1132 similem
823 1066 990 1154 porriget
1004 1067 1079 1134 ulla
1096 1069 1266 1134 manus.”

227 1188 354 1258 Ubera
370 1190 460 1277 quin
477 1189 578 1258 foliis
594 1190 807 1278 variataque
823 1191 976 1258 floribus
991 1212 1090 1271 arva,

320 1298 435 1366 Laeta
450 1298 577 1387 apium
595 1299 751 1388 strepitu
767 1301 863 1367 laeta
879 1300 1077 1387 aviumque
1094 1301 1216 1380 choro,

228 1423 381 1504 Laudat,
400 1425 447 1491 ab
463 1444 594 1493 occasu
610 1425 802 1492 venientia
819 1425 948 1492 nubila
963 1435 1146 1514 spectans,

320 1533 465 1600 Inscius
480 1554 570 1620 agro
585 1553 679 1620 quae
695 1534 831 1601 damna
847 1534 972 1601 futura
987 1544 1128 1622 parent.

226 1658 345 1726 Audit
361 1659 496 1726 Mauda
511 1659 675 1745 equitem
691 1659 815 1726 dumis
832 1681 900 1726 nec
916 1660 990 1726 iam
1008 1681 1153 1728 memor
1166 1661 1287 1727 hirtae

320 1767 387 1834 Est
403 1769 530 1847 vestis,
551 1769 651 1835 nudo
669 1789 738 1835 nec
753 1770 863 1836 rubet
879 1768 943 1836 illa
959 1771 1066 1858 pede.

226 1893 346 1961 Audit
361 1895 451 1961 dum
468 1894 570 1963 facili
587 1903 659 1962 stat
675 1895 815 1961 mirans
831 1895 929 1962 victa
946 1905 1097 1983 stupore

319 2003 479 2070 Laetitia
493 2012 531 2070 et
547 2003 689 2090 glaucis
705 2003 841 2070 emicat
856 2025 903 2070 ex
920 2005 1051 2070 oculis.

226 2130 280 2196 At
295 2129 427 2196 reticet
442 2127 566 2197 subito
581 2128 704 2218 Judex
720 2139 758 2196 et
773 2129 942 2217 protinus
958 2131 1084 2209 instat,

319 2237 447 2323 Qualis
462 2237 536 2304 iter
551 2258 717 2325 carpens,
737 2257 893 2305 munera
910 2248 1074 2324 questus,
1094 2239 1183 2305 abit.

228 2363 410 2451 Prospicit
425 2372 463 2430 et
479 2363 669 2450 trepidans
686 2363 868 2450 gemitum
886 2364 948 2430 dat
964 2374 1111 2451 pectore
1127 2365 1174 2430 ab
1188 2364 1265 2431 imo

320 2472 471 2538 Mauda:
500 2481 523 2510 “
534 2473 566 2539 Ο
582 2472 614 2537 si
630 2473 676 2538 ad
694 2473 880 2538 thalamos
895 2493 956 2538 me
973 2483 1079 2540 vocet
1095 2472 1159 2539 ille
1176 2473 1284 2539 suos!

229 2597 432 2665 “Candida
447 2618 521 2663 non
539 2597 634 2663 mihi
651 2607 739 2665 tnnc
756 2607 892 2685 nuptae
907 2599 1131 2686 bombycina
1147 2600 1308 2676 dessent,

320 2707 407 2773 Non
424 2706 524 2773 inter
540 2705 653 2772 festas
670 2706 815 2773 fervida
831 2716 918 2774 vota
934 2707 1061 2794 dapes.

231 2833 367 2900 “Rasa
382 2832 471 2919 quin
488 2831 636 2919 genitor
651 2833 759 2898 laena
774 2832 934 2899 donatus
951 2832 1083 2906 abiret,

319 2941 526 3008 Germanus
542 2940 681 3027 pictam
697 2941 860 3007 solveret
875 2950 985 3027 atque
997 2942 1184 3029 scapham.

229 3067 387 3152 “Quam
404 3066 566 3132 facerem
582 3075 740 3132 matrem
757 3066 925 3133 miranda
940 3076 1045 3133 veste
1061 3068 1244 3144 decoram,

319 3176 417 3261 Quot
433 3174 653 3241 munuscula
668 3183 770 3253 tunc,
790 3184 880 3260 quot
897 3175 979 3253 tibi,
999 3183 1097 3255 nate,
1118 3175 1265 3243 forent!

229 3311 254 3339 “
268 3299 427 3387 Prodiga
443 3299 533 3386 quin
548 3299 704 3366 miseros
720 3320 883 3387 cenaque
900 3320 1062 3386 sagoque
1079 3300 1255 3380 levarem,

319 3409 522 3494 Linqueret
537 3417 645 3493 atque
659 3408 812 3474 domum
829 3408 952 3474 fausta
968 3418 1138 3496 precatus
1154 3410 1299 3497 inops.”

228 3535 446 3603 Ascendens
462 3534 602 3600 clivum
618 3543 820 3600 retrorsum
838 3534 980 3599 lumina
997 3534 1110 3601 vertit

318 3643 453 3733 Jndex.
506 3642 665 3709 Immota
681 3651 737 3708 est
753 3641 834 3708 visa
848 3642 974 3730 puella
988 3642 1082 3709 viro.

229 3769 468 3839 “Candidior
482 3768 588 3846 facie,
608 3767 787 3834 membris
802 3769 1059 3856 praestantior,
1079 3768 1210 3855 inquit,

320 3879 537 3964 Numquam
554 3877 660 3963 virgo
677 3877 804 3943 oculos
820 3877 986 3944 constitit
1000 3887 1087 3944 ante
1104 3899 1218 3944 meos.

231 4005 437 4094 “Simplex
453 4003 544 4090 quin
560 4003 668 4069 dictis
683 4004 863 4089 vultuque
880 4003 1015 4091 pudica
1031 4004 1242 4090 decensque

319 4113 465 4184 Indicat
482 4121 519 4178 et
535 4120 666 4199 pectus
681 4132 757 4177 non
773 4112 899 4178 minus
915 4132 996 4177 esse
1012 4111 1128 4199 pium.

230 4242 381 4306 “Esses
396 4247 438 4305 nt
456 4237 549 4303 mihi
565 4245 618 4314 tu,
638 4236 800 4302 formosa
815 4237 954 4325 puella,
973 4238 1095 4314 beat0,

322 4346 522 4416 Exercenti
537 4345 590 4411 mi
606 4347 717 4412 florea
734 4355 837 4433 prata
853 4346 987 4413 simul!
