3256 5264
758 784 791 834 38

1308 1011 1321 1053 θ

227 1020 257 1064 “
275 1019 308 1114 ll
327 1039 393 1116 est
414 1021 538 1115 doux
559 1019 611 1114 de
631 1052 752 1113 raser
771 1053 828 1113 en
848 1015 1039 1133 gondole
1058 1015 1104 1111 la
1122 1012 1304 1132 raguel

869 1232 1104 1299 Tflaorfflm:
1122 1233 1318 1300 Gnurma.

276 1428 397 1513 Quam
413 1428 518 1512 juvat
534 1447 582 1492 en
599 1427 745 1492 Veneta
760 1427 894 1492 fluctus
910 1425 1105 1490 decurrere
1122 1423 1254 1511 cymba

367 1537 492 1603 Noctu
509 1556 580 1620 qua
596 1535 724 1601 stellas
740 1534 841 1599 unda
857 1543 999 1599 remota
1016 1534 1119 1609 lavit,

275 1645 415 1712 Orbem
432 1645 520 1710 dum
538 1643 675 1729 retegit
691 1643 892 1729 pallentem
911 1642 1056 1708 roscida
1073 1643 1162 1707 luna

366 1754 414 1820 Et
431 1762 564 1820 nautae
581 1760 730 1818 resonat
747 1750 911 1817 carmina
926 1751 1063 1816 blanda
1079 1771 1194 1815 mare.

274 1946 393 2030 Quam
410 1946 517 2030 juvat
534 1966 581 2010 en
598 1945 702 2010 sidus
718 1944 848 2010 mundi
864 1965 931 2030 per
946 1944 1092 2010 caerula
1109 1943 1259 2030 templa,

365 2053 541 2119 Aureolis
558 2053 674 2138 guttis
690 2074 782 2137 quae
799 2054 968 2137 laqueata
984 2052 1134 2129 micant,

274 2163 482 2229 Procedens
498 2162 601 2227 lente
618 2162 729 2227 niveo
745 2161 932 2227 velamine
948 2161 1125 2226 amictum

365 2272 485 2356 Quam
503 2271 609 2355 juvat
626 2271 772 2336 intento
790 2270 932 2336 lumine
950 2269 1149 2357 suspicere.

273 2464 463 2530 Gratumst
479 2464 519 2529 in
535 2465 691 2530 nebulas
707 2463 946 2549 pluviamque
963 2463 1156 2529 advertere
1173 2461 1298 2528 vultus

365 2573 450 2639 Sole
467 2574 638 2651 advers0,
658 2593 741 2638 curn
758 2573 861 2658 lapsa
876 2582 1031 2658 repente
1048 2571 1134 2658 polo

273 2680 344 2745 Iris
359 2681 512 2767 pulchra
529 2681 655 2746 nitens
671 2700 842 2748 croceum
859 2679 1027 2747 sinuatur
1042 2680 1081 2745 in
1098 2699 1235 2756 arcum,

364 2789 506 2855 Nuntia
521 2790 619 2854 laeta
634 2789 724 2855 boni
741 2789 990 2874 purpureique
1008 2788 1100 2853 dies,

273 2983 353 3067 Qua
370 2984 501 3069 thyma
517 2982 632 3068 carpit
648 2981 729 3067 apis
745 2981 877 3048 tacitos
893 3001 960 3067 per
974 2989 1079 3066 prata
1096 2987 1279 3065 vagantes

365 3092 472 3157 Invia
488 3092 649 3157 delectat
663 3091 830 3176 tegmine
846 3090 915 3155 sub
931 3089 1056 3167 viridi,

273 3200 399 3265 Manat
415 3201 504 3265 dum
521 3199 662 3266 vitreus
678 3200 775 3276 fons
794 3200 916 3263 lentos
931 3208 1096 3263 sternere
1113 3196 1280 3262 membra

364 3309 460 3374 Mira
477 3319 514 3374 et
531 3309 668 3374 fabella
683 3307 948 3392 versiculisque
966 3307 1051 3372 frui.

273 3501 428 3566 Dulcest
442 3501 581 3566 clivoso
597 3501 719 3566 fessus
735 3520 820 3564 cum
837 3499 987 3564 tramite
1005 3498 1105 3563 cedis

362 3609 541 3678 Aestibus
558 3620 596 3675 et
612 3608 747 3673 mediis
764 3607 1031 3691 sarcinulisque
1049 3606 1173 3692 gravis

271 3718 542 3802 Auriculasque
559 3716 626 3782 tibi
643 3724 822 3803 rumpunt
837 3716 994 3781 stridore
1012 3714 1169 3791 cicadae,

360 3828 521 3892 Umbras
537 3846 649 3911 quam
666 3826 810 3891 dulcest
827 3845 874 3889 en
891 3823 1054 3910 reperire
1071 3832 1110 3889 et
1126 3843 1270 3908 aquarn.

271 4020 389 4104 Quam
407 4020 512 4104 juvat
528 4040 575 4083 en
593 4017 720 4103 gelido
736 4017 767 4082 si
784 4018 957 4082 verberat
973 4015 1094 4081 imbre
1111 4015 1314 4082 fenestram

363 4129 573 4193 Hibernum
591 4137 750 4213 tempus,
770 4127 869 4191 lucet
885 4135 922 4190 et
938 4124 1026 4210 igne
1043 4123 1161 4202 focuS,

270 4239 387 4304 Artus
403 4237 443 4301 in
460 4236 616 4302 Gothica
632 4255 770 4300 vacuos
786 4235 911 4300 laxare
929 4233 1104 4300 cathedra

362 4347 419 4412 Ac
435 4345 582 4432 tepidae
599 4345 748 4430 plumae
766 4343 916 4412 credere
933 4342 1047 4407 molle
1065 4351 1183 4428 caput.
