3256 5264
780 759 821 825 w,

608 1036 771 1136 “The
801 1038 1014 1156 Babyl'

902 1275 1066 1341 Geoeee
1084 1275 1146 1342 Mc
1160 1276 1341 1342 Doulev.

248 1466 371 1546 Unde,
391 1466 528 1533 tenelle
545 1485 650 1553 puer,
667 1464 739 1542 dic,
757 1466 913 1532 advenis
928 1467 1028 1533 unde
1044 1468 1256 1555 profectus?

344 1577 497 1660 Undique
512 1576 606 1659 origo
614 1575 707 1658 fuit.
741 1577 868 1640 Terrae
883 1598 970 1641 nunc
986 1577 1128 1661 deferor
1142 1578 1268 1662 hospes.

248 1718 371 1794 Unde,
391 1717 526 1804 puelle,
547 1715 614 1782 tibi
630 1716 777 1801 fulgent
793 1716 855 1801 qui
872 1717 1011 1783 caeruli
1027 1718 1160 1786 ocelli?

338 1828 412 1891 Hoc
419 1827 530 1909 jubar
546 1826 735 1890 aetherium
746 1849 758 1888 .·
792 1827 899 1908 rapui
912 1849 988 1891 cum
1004 1828 1122 1892 sidera
1139 1827 1236 1911 liqui.

248 1969 322 2035 Cur
338 1967 418 2044 tibi,
438 1967 509 2044 dic,
528 1966 676 2032 radiant
691 1967 850 2032 tremula
865 1966 918 2035 sic
933 1968 1015 2033 luce
1032 1968 1180 2034 decori?

339 2078 464 2143 Sidera
481 2099 567 2159 quae
584 2076 671 2139 ruelii
685 2087 764 2139 tuuc
780 2076 930 2141 tribuere
946 2077 1111 2142 micantia
1127 2100 1236 2143 servo.

247 2220 360 2286 Gutta
376 2238 443 2285 cur
458 2217 576 2283 vitrea
593 2216 835 2283 madefactast
851 2219 990 2303 pupula
1006 2218 1149 2285 dulcis?

338 2327 535 2392 Adveniens
550 2327 686 2409 carpsi:
714 2338 957 2409 properantem
974 2329 1106 2392 me'illa
1125 2329 1294 2393 manebat.

247 2471 381 2535 Lactea
396 2488 461 2534 cur
476 2467 546 2533 tibi
563 2467 668 2532 frons
684 2475 848 2534 tenerast
865 2468 928 2544 sic,
948 2469 1060 2545 belle,
1079 2469 1312 2554 decensque?

338 2578 504 2644 Suaviter
520 2599 580 2641 ora
598 2597 720 2640 ruauus
736 2577 903 2641 volitanti
916 2599 938 2640 o
954 2579 1081 2642 vertice
1090 2579 1201 2661 fovit.

246 2718 520 2802 Candidiorque
537 2717 630 2782 rosis
646 2717 772 2782 vultus
789 2717 863 2802 qui,
882 2718 994 2796 belle,
1015 2719 1193 2805 tepescit?

337 2829 442 2893 Nulli
456 2839 535 2892 nota
553 2828 644 2891 oculo
660 2828 813 2903 mortali,
829 2828 1005 2909 splendida
1023 2829 1108 2893 vidi.

247 2969 422 3055 Angulus
438 2969 508 3034 iste
525 2968 662 3053 triplex
678 2987 743 3032 cur
758 2967 879 3038 vobis.
896 2969 994 3035 laeta
1009 2969 1170 3034 labella?

343 3081 374 3142 Τ
371 3101 426 3142 res
443 3078 532 3141 milri
545 3077 725 3141 caelicolae
741 3077 849 3141 simul
862 3078 973 3141 oscula
989 3090 1108 3142 sancta
1125 3078 1255 3142 dedere.

245 3219 424 3286 Auricula
440 3219 552 3296 unde,
572 3238 674 3304 puer,
694 3217 762 3283 tibi
779 3217 935 3284 candida
950 3217 1061 3302 quive
1078 3219 1246 3305 reperta?

335 3329 515 3393 Auditura
532 3330 642 3392 Deum
658 3329 802 3391 subitost
818 3349 953 3410 egressa
971 3329 1167 3410 loquentem.

245 3470 337 3555 Quis
351 3469 421 3535 tibi
437 3469 626 3535 floridulas
643 3468 746 3534 dedit
762 3468 881 3547 ulnae,
901 3489 996 3547 care,
1016 3470 1246 3555 manusque?

336 3581 433 3644 Haec
448 3578 634 3662 sibifiuuit
649 3579 760 3642 Aruor
776 3588 908 3642 teneros
925 3590 1080 3642 mutatus
1097 3579 1132 3642 iu
1149 3590 1259 3643 artus.

245 3720 367 3798 Unde,
387 3719 512 3806 pedeS,
532 3729 569 3784 et
585 3738 652 3784 vos
669 3717 842 3802 niveique
858 3719 1065 3804 brevesque
1082 3719 1260 3785 velastis?

336 3831 432 3894 Arca
449 3851 547 3911 equa
564 3827 661 3892 soliti
674 3828 844 3892 cherubim
860 3828 1056 3911 depromere
1065 3840 1209 3911 pennas.

247 3971 374 4038 Curet
391 3969 430 4035 in
447 3990 523 4035 uno
540 3978 595 4036 tot
611 3978 698 4036 sunt
715 3977 890 4053 tantaque
907 3968 1005 4034 dona
1021 3970 1169 4037 coacta?

343 4081 453 4146 Volvit
469 4091 579 4144 mente
596 4081 690 4143 Deus
701 4103 713 4142 .·
746 4079 854 4143 simul
865 4079 983 4143 astitit
998 4078 1081 4143 liaeo
1096 4091 1130 4144 et
1146 4079 1270 4164 imago.

246 4221 350 4288 Misit
365 4220 447 4307 quis
463 4229 588 4286 tamen
605 4220 701 4285 hanc
717 4219 764 4286 ad
781 4239 861 4298 noe,
880 4220 1035 4298 mellite,
1054 4220 1207 4287 beatos?

343 4330 456 4396 Volvit
473 4341 582 4394 mente
598 4332 716 4394 Deus:
749 4330 840 4394 subii
853 4330 1021 4395 demissus
1036 4331 1078 4395 ab
1094 4331 1178 4394 alto.
