3256 5264
818 796 851 848 47

305 962 446 1040 Adnat‚
466 969 504 1028 at
518 961 584 1027 ille
613 972 635 1000 ⁴⁴
648 963 731 1029 Viri
742 964 760 988 ’'
786 963 860 1030 iam
877 964 1013 1030 clamat
1038 963 1222 1031 “Sumite
1238 972 1276 1031 et
1292 963 1386 1031 este!

307 1070 536 1157 Lanigerum
553 1071 706 1139 dederat
723 1072 787 1158 qni
801 1074 1002 1151 Abramae,
1022 1072 1163 1160 sospite
1180 1072 1297 1159 prole,

308 1177 470 1266 Corpore
487 1199 553 1266 pro
572 1189 697 1246 nostro
713 1180 820 1247 vobis
839 1181 932 1248 haec
948 1181 1084 1268 pabula
1100 1181 1241 1248 misit.’'

397 1529 606 1597 Addiderat
622 1530 797 1597 comitem
816 1550 898 1596 sese
914 1529 980 1595 illa
998 1539 1105 1597 nocte
1123 1531 1312 1617 magister,

302 1638 486 1725 ¹Plagosus
501 1638 645 1705 ferulae
662 1638 848 1717 dominus
871 1647 959 1706 tunc
976 1638 1125 1726 integer
1139 1639 1234 1705 aevi.

307 1745 376 1813 Cui
394 1747 494 1814 color
508 1747 671 1814 adstanti
686 1747 896 1814 suffuderat
911 1756 996 1814 ante
1013 1746 1201 1814 caminum

306 1854 479 1942 Signatas
496 1855 610 1923 dubia
628 1871 757 1923 roseus
772 1855 951 1943 lanugine
969 1856 1097 1923 malas

305 1963 454 2030 Vexare
469 1963 531 2030 hic
546 1964 678 2031 solitus
693 1965 801 2031 lanae
818 1964 1088 2051 glomeramine
1105 1964 1219 2030 felem

307 2072 529 2139 Devinctam
546 2081 584 2139 et
600 2082 772 2159 patruum
788 2093 899 2159 saepe
916 2093 1090 2140 exercere
1107 2073 1275 2160 galerum

307 2180 479 2259 Lusibus‚
498 2180 560 2247 hic
575 2181 719 2268 lepidos
734 2181 897 2266 jucunde
914 2181 1037 2247 dicere
1054 2190 1185 2248 cantus

307 2288 595 2374 Dartmuthique
612 2289 726 2355 decus
742 2290 935 2375 cultasque
952 2288 1095 2356 referre
1110 2290 1326 2376 palaestras,

307 2396 427 2462 Natus
445 2397 700 2485 Hyperboreis
716 2397 757 2463 in
774 2397 882 2464 clivis
899 2417 984 2463 rure
1000 2406 1153 2484 paterno

305 2505 453 2591 (Fundo
471 2526 559 2571 nam
576 2506 723 2592 genitor
738 2506 941 2592 frangebat
955 2506 1125 2572 membra
1141 2506 1268 2572 labore

307 2614 453 2700 Pauper
467 2614 506 2679 in
524 2635 610 2681 aere
626 2635 706 2693 suc,
727 2635 951 2700 quamquam
968 2634 1043 2680 non
1059 2615 1167 2701 panis
1183 2616 1343 2702 egenus)

305 2722 435 2809 Ungui
451 2723 498 2788 de
515 2731 645 2789 tenero
660 2723 792 2790 didicit
808 2723 882 2789 sibi
898 2743 1075 2809 quaerere
1092 2723 1248 2790 victum.

305 2831 393 2897 Non
410 2842 534 2897 autern
551 2831 683 2918 puduit
700 2831 844 2898 doctam
862 2832 1050 2918 deponere
1067 2831 1228 2897 abollam

305 2940 408 3006 Arva
424 2950 678 3026 pererrantem
695 2960 837 3006 merces
853 2950 892 3006 et
908 2940 1070 3006 vendere
1087 2940 1194 3018 viles,

306 3049 387 3114 Nec
404 3048 558 3115 rudibus
573 3048 718 3136 pepigit
733 3069 869 3136 pueros
884 3050 1072 3115 elementa
1088 3049 1220 3115 docere

305 3157 350 3222 In
366 3156 471 3235 vicis,
490 3177 611 3223 annus
626 3177 710 3224 cum
726 3157 914 3223 clauderet
930 3159 1028 3223 alma
1044 3157 1178 3243 Lycea.

304 3265 472 3332 Alternis
487 3286 645 3352 peregre
661 3266 725 3350 qui
741 3275 912 3353 acceptus
927 3265 1081 3332 sedibus
1097 3265 1232 3353 hospes

304 3374 423 3441 Multa
438 3375 564 3459 jocosa
579 3375 718 3452 ferens
737 3374 902 3440 hiemem
918 3382 1117 3441 contentus
1133 3374 1279 3460 agebat.

303 3483 412 3550 Tunc
428 3493 465 3550 et
482 3482 632 3550 ferratis
648 3482 808 3570 glaciem
824 3482 1004 3550 talaribus
1020 3483 1132 3548 altam

306 3592 445 3658 Raedis
460 3601 498 3657 et
514 3591 654 3680 rapidis
669 3591 813 3679 perlabi
828 3600 936 3659 nocte
953 3591 1107 3676 juvabat

303 3700 409 3766 Luna
426 3700 581 3779 oriente,
601 3700 723 3766 modis
739 3709 830 3766 tunc
846 3700 978 3766 fallere
996 3709 1142 3786 tempus
1158 3699 1338 3777 amoenis,

300 3809 409 3875 Tunc
425 3809 626 3876 collusores
642 3809 760 3875 oculis
776 3809 1008 3895 deprendere
1025 3808 1135 3876 tectis

300 3917 464 3984 Volvere
479 3927 519 3984 et
534 3938 619 3984 aera
634 3938 748 3984 manu
764 3937 957 4005 poenaque
975 3916 1178 4004 rependere
1194 3916 1343 4004 pignus.

302 4025 445 4092 Felices
461 4027 573 4093 villae
591 4026 814 4112 nivibusque
831 4027 993 4112 geluque
1010 4027 1191 4113 sepultae,

301 4133 460 4201 Carmen
476 4135 541 4201 ubi
557 4135 694 4202 fidibus
709 4134 890 4201 blandum
906 4134 1100 4200 modulare
1117 4134 1261 4199 solebat

301 4243 473 4330 Hospitio
491 4244 641 4329 junctus
657 4243 877 4329 validusque
893 4243 1084 4309 inflectere
1100 4243 1270 4308 membra

301 4352 346 4417 In
362 4351 509 4419 stabulo
525 4353 698 4419 exultans
713 4352 798 4419 miti
814 4361 852 4418 et
867 4352 1110 4438 praetendere
1126 4351 1188 4416 fila
