3256 5264
814 748 848 799 ³3

667 1025 1005 1124 “Excelsiusl’'

770 1273 921 1337 Hnunv
939 1273 997 1338 W.
1019 1273 1304 1341 LouusaLLOW.

358 1479 468 1545 Caelo
486 1479 731 1567 praecipitant
746 1479 820 1545 iam
837 1481 1014 1546 tenebrae
1031 1480 1148 1559 leves,

277 1669 278 1672 Ἴ
356 1587 493 1654 Vicum
510 1587 788 1675 transgreditur
803 1608 889 1654 cum
906 1608 1009 1675 puer,
1028 1589 1182 1676 Alpium

358 1697 446 1764 Fert
463 1696 525 1782 qui
542 1717 608 1784 per
623 1696 768 1784 gelidos
785 1697 912 1763 nobile
929 1697 1096 1764 tramites

356 1805 549 1871 Vexillum
566 1804 690 1871 media
706 1804 946 1892 conspicuum
963 1815 1075 1872 nota:

963 1923 1143 1989 Excelsius
1154 1930 1170 1988 !

358 2073 476 2139 Frons
491 2072 579 2142 huic
595 2072 801 2139 sollicitast:
826 2093 873 2138 ex
889 2072 1006 2140 oculis
1021 2075 1127 2140 velut

359 2181 545 2248 Destricto
561 2202 582 2247 e
600 2181 724 2268 gladio
740 2181 909 2248 fervidus
925 2180 1060 2248 emicat

359 2289 476 2376 Ignis,
497 2290 588 2356 dum
604 2289 699 2357 lituo
717 2290 860 2357 dulcior
875 2310 988 2356 aureo

358 2398 457 2465 lllud
473 2419 547 2465 vox
563 2398 713 2477 iterans,
734 2399 788 2466 sic
803 2398 894 2486 juga
910 2409 1110 2487 personat:

961 2517 1170 2581 Excelsius!

357 2666 554 2734 Nocturna
570 2689 591 2734 e
608 2667 746 2754 tepidis
761 2666 916 2734 aedibus
932 2666 1068 2733 intima

357 2776 525 2842 Flamma
541 2776 615 2842 iam
633 2795 791 2864 puerum
807 2775 952 2841 lumina
967 2776 1170 2863 postulant.
1257 2825 1259 2829 ι

356 2886 409 2951 At
424 2884 546 2972 fulget
562 2884 702 2971 glacies
718 2883 872 2972 rupibus
888 2883 1092 2950 imminens

357 2993 565 3059 Horrenda.
609 2992 821 3059 indomitus
838 2992 890 3059 sic
906 3012 997 3079 puer
1013 2992 1206 3059 infremit:

960 3110 1142 3176 Excelsius
1153 3116 1169 3174 Ι

359 3280 381 3308 “
394 3270 640 3357 Praeruptum
657 3290 788 3337 caveas
799 3271 816 3295 ”
840 3267 1038 3358 increpitat
1054 3289 1172 3335 senex

359 3388 381 3416 ‘⁸
394 3378 551 3446 Callem!
576 3379 660 3466 Jam
678 3377 844 3446 tenebris
860 3377 1014 3445 incubat
1027 3397 1159 3465 aspera

356 3487 577 3575 Tempestas
593 3486 739 3554 violens
756 3495 793 3554 et
809 3486 942 3574 strepit
957 3485 1141 3552 imbribus

356 3596 530 3663 Amnis.”
554 3597 639 3662 Vox
655 3595 796 3681 liquida
813 3604 869 3662 ast
885 3595 1036 3662 aethera
1052 3595 1271 3661 transvolat:

961 3713 1170 3778 Excelsius!

359 3872 382 3900 ‘¹‘
395 3862 576 3942 Consiste,
596 3884 618 3929 0
634 3863 739 3950 puer!
783 3862 887 3929 Haec
902 3861 1074 3929 bracchia
1090 3861 1307 3949 languidam

357 3972 478 4056 Quam
494 3972 674 4060 praebent
691 3972 857 4057 requiem
873 3971 923 4038 sit
937 3969 1005 4037 tibi
1021 3969 1185 4057 carpere!
1197 3971 1216 3996 ’'

356 4080 418 4148 Sic
433 4078 542 4168 virgo
558 4081 749 4168 trepidans
765 4080 936 4148 candida.
979 4079 1158 4146 Caerulos

356 4189 530 4257 Suffusus
545 4189 710 4255 lacrimis
725 4188 789 4255 ille
806 4189 934 4255 oculos
950 4187 1091 4274 gemit:

963 4304 1169 4370 Excelsius!
