3256 5264
776 795 811 847 48

215 957 407 1024 Matronae
424 959 634 1046 mixtasque
651 960 744 1045 jocis
761 981 910 1028 narrare
927 961 1081 1027 Latinas

216 1066 386 1133 Fabellas
404 1068 606 1155 Graiasque
623 1089 719 1137 nova
735 1069 932 1137 dulcedine
948 1070 1064 1137 fandi.

217 1175 315 1241 Nam
332 1185 441 1243 vetus
457 1187 515 1244 est
531 1197 671 1243 numen
688 1179 929 1245 memorantis
945 1180 992 1245 ab
1008 1199 1071 1245 ore
1088 1180 1255 1246 locutum

216 1283 371 1351 Institor
386 1295 427 1350 nt
443 1295 600 1364 nostras,
620 1286 739 1352 Musis
756 1287 964 1354 celebratus
979 1289 1122 1354 Araxes

215 1393 351 1459 Factus
366 1404 405 1459 et
420 1394 521 1460 unda
536 1395 675 1461 molam
694 1395 819 1462 tenuis
838 1415 931 1480 quae
948 1396 1171 1483 impelleret,
1190 1397 1320 1484 algens

213 1502 331 1588 Saepe
347 1512 385 1570 et
401 1511 576 1570 texerunt
591 1503 757 1570 vaccinia
773 1505 922 1570 culmen
938 1505 1102 1592 Olympi.

303 1862 412 1928 Tunc
428 1873 507 1928 erat
523 1872 561 1928 et
578 1871 768 1949 praestans
784 1863 1018 1948 fulgentibus
1034 1864 1182 1951 hospita
1197 1864 1337 1942 ocellis,

215 1969 302 2035 Non
319 1980 442 2037 aetate
459 1971 598 2047 virens,
618 1972 699 2037 aevi
718 1992 787 2037 nec
803 1972 961 2037 vulnera
976 1992 1094 2059 passa,

213 2079 330 2144 Lenia
345 2079 540 2146 nobiscum
557 2080 678 2145 facilis
694 2100 787 2164 quae
804 2082 919 2146 verba
935 2082 1093 2147 serebat.

215 2186 383 2253 Dixisses
398 2187 592 2276 placidam.
643 2189 859 2254 Vehemens
874 2188 1115 2273 animosaque
1131 2199 1268 2267 contra,

214 2295 402 2374 Indocilis,
421 2297 492 2362 sibi
509 2296 730 2383 praefidens.
783 2296 936 2363 Effrena
952 2299 1125 2364 voluntas

214 2405 346 2470 Dulcia
362 2415 512 2473 naturae
529 2405 677 2492 penitus
694 2406 838 2471 celabat
854 2406 892 2471 in
908 2406 985 2472 illa.

213 2512 301 2578 Non
317 2523 441 2600 optata
456 2535 596 2589 comes,
613 2534 773 2579 necnon
790 2515 1000 2592 metuenda,
1020 2515 1172 2581 sedebat

212 2623 314 2688 Ante
330 2622 467 2700 iocum,
488 2623 667 2689 concinna
684 2622 840 2706 loquens
856 2631 1073 2708 arguteque,
1094 2623 1211 2690 nostri

212 2731 455 2815 (Horridulus
472 2731 559 2816 quia
575 2751 696 2797 sermo
713 2740 750 2796 et
767 2733 863 2818 mos)
882 2751 958 2797 non
975 2731 1169 2798 commoda
1185 2732 1312 2817 J'udex.

212 2840 383 2905 Fluctuat
397 2851 439 2906 ut
455 2841 603 2926 pardus,
623 2839 742 2925 posito
760 2859 882 2924 neque
899 2860 1050 2926 corpore
1067 2849 1198 2919 cessat,

212 2951 328 3015 Artus
344 2948 397 3014 sic
413 2948 531 3035 agiles
547 2947 729 3032 quaedam
746 2948 914 3033 speciosa
930 2948 1082 3014 tenebat

212 3056 412 3136 Mobilitas
431 3058 529 3122 male
546 3057 631 3134 lida,
650 3056 766 3122 oculis
783 3076 876 3142 quae
892 3056 1086 3123 induceret
1102 3056 1273 3123 umbram

212 3166 437 3252 Nigrantem
454 3167 660 3250 dentesque
677 3165 789 3231 simul
805 3165 1002 3252 splendere
1019 3166 1177 3250 juberet.

211 3274 372 3341 Lumina
388 3295 498 3361 saepe
515 3274 635 3340 minas
652 3273 831 3339 radiantia
849 3283 957 3340 nocte
973 3275 1042 3340 sub
1059 3276 1134 3340 alta

212 3384 401 3451 lactabant
416 3382 570 3460 subitaS,
589 3382 704 3448 facies
721 3381 938 3448 candescere
957 3391 995 3448 et
1011 3382 1093 3468 igni

211 3493 329 3580 Saepe
345 3500 546 3580 putaretur,
565 3491 725 3556 fatorum
743 3490 897 3556 numine
914 3491 1052 3556 amoris

209 3602 288 3667 Aut
304 3600 380 3666 odii
396 3600 493 3666 socio
510 3621 586 3666 non
602 3619 776 3686 prospera
792 3599 901 3685 signa
917 3599 1054 3665 futuro.

211 3709 407 3776 Fervidius
422 3709 512 3794 quin
529 3729 592 3774 cor
607 3707 817 3792 mentisque
834 3707 1036 3774 acerrimus
1051 3707 1160 3773 ardor

210 3819 375 3887 Fervens
391 3839 434 3885 ac
449 3817 567 3904 pietas
584 3837 652 3882 nec
669 3837 744 3881 non
761 3825 800 3882 et
815 3815 968 3883 taetrica
982 3815 1127 3902 lingua.

211 3928 360 4013 Duplex
376 3925 585 4013 ingenium,
605 3925 746 4011 duplex
762 3932 801 3991 et
817 3924 959 3991 femina
975 3925 1014 3990 in
1031 3924 1107 4002 illa,

210 4037 321 4101 Esset
337 4056 430 4120 quae
447 4034 557 4101 furiis
574 4016 748 4100 Petrucbi
765 4054 876 4099 saeva
892 4033 1025 4122 marita

211 4145 422 4230 Affiatuque
439 4143 555 4211 animi
572 4142 765 4210 Seniensis
781 4141 867 4209 diva
883 4142 1066 4210 sacerdos.

210 4365 367 4453 Jamque
385 4370 513 4428 octava
529 4360 610 4425 dies
627 4358 764 4426 aderat.
816 4358 904 4425 Non
921 4359 1073 4425 auribus
1089 4359 1187 4424 ullus
