3256 5264
774 817 809 870 4⁶

264 980 370 1049 Indis
385 982 454 1049 sub
470 982 606 1050 casulis
621 984 766 1071 pultem
782 983 938 1050 cenabat
952 991 991 1050 et
1007 984 1137 1050 alcem.

266 1090 372 1157 Pinis
386 1100 474 1159 tunc
490 1091 627 1158 iterum
643 1093 713 1157 sub
729 1091 848 1169 celsis,
869 1090 1017 1158 moenia
1033 1091 1172 1159 circum

265 1198 407 1266 Gallica
424 1199 624 1278 Francisci,
643 1218 791 1267 securos
807 1220 957 1287 carpere
974 1220 1138 1278 somnos;

265 1307 372 1375 Luna
388 1307 531 1374 oriente
548 1308 684 1375 iterum
701 1316 838 1375 teretes
853 1307 1112 1395 splendescere
1128 1329 1243 1375 zonae

265 1415 303 1482 N
305 1417 582 1503 ormandaeque
600 1416 732 1483 mitrae
748 1416 990 1483 memorantis
1005 1437 1108 1495 voce,
1128 1437 1283 1484 canorae

264 1524 488 1612 Obstrepere
505 1535 616 1610 atque
633 1525 735 1603 fides,
755 1545 851 1613 pago
866 1534 1066 1592 exercente
1082 1526 1246 1604 choreas,

264 1632 581 1718 Grandaevaeque
598 1633 704 1700 aviae
720 1634 839 1699 laetae
856 1643 894 1700 et
909 1634 1043 1699 saltare
1058 1634 1220 1721 puellae.

269 1866 448 1934 Imminet
464 1867 610 1934 Oceano
627 1866 737 1932 nobis
752 1866 984 1954 piscantibus
1000 1887 1075 1932 una

267 1975 364 2042 Ecce
380 1976 508 2064 procul
524 1996 636 2063 rupes
652 1976 804 2063 aprique
821 1977 1014 2044 simillima
1030 1987 1163 2045 rostro

267 2084 363 2151 Ecce
380 2093 510 2150 extant
525 2085 679 2170 scopuli,
700 2105 793 2170 quos
809 2105 947 2171 aggere
964 2085 1083 2172 cingit
1098 2087 1250 2152 harena.

266 2191 441 2260 Sistimus
458 2201 507 2271 et,
528 2213 649 2258 ramos
664 2194 763 2260 ultro
779 2194 1046 2281 praebentibus
1062 2194 1186 2272 undis,

267 2300 375 2367 Assis
391 2321 575 2386 aequorea
592 2300 706 2388 salpis
723 2302 917 2388 epulamur
933 2302 972 2368 in
989 2322 1063 2369 ora.

267 2410 389 2476 Elixis
406 2431 480 2475 una
495 2410 694 2494 bulbisque
712 2411 918 2497 thymoque
935 2412 1105 2498 myisque

265 2517 464 2586 Vescimur
480 2528 517 2586 et
533 2518 672 2606 cupidi.
724 2519 859 2585 Nudae
875 2520 1054 2586 coclearia
1072 2528 1188 2586 testae

269 2627 393 2706 Fiunt,
413 2629 494 2715 quis
510 2626 673 2693 calidum
691 2627 825 2715 raptim
842 2627 1002 2694 siccatur
1018 2633 1167 2695 aenum.

356 2977 456 3043 Tum
473 2977 774 3064 circumspiciens
791 2977 1015 3063 graviorque
1032 2978 1154 3044 locuta
1171 2978 1321 3045 Sewelli

267 3085 300 3151 E
317 3085 453 3152 tabulis
470 3086 693 3151 documenta
711 3085 830 3171 (omni
847 3106 933 3151 nam
950 3106 1056 3152 carus
1072 3086 1206 3153 Amico

268 3193 355 3261 Rite
371 3194 523 3261 libellus
539 3196 635 3281 erat)
660 3194 808 3281 pietatis
824 3194 920 3260 clara
938 3216 1006 3260 nec
1026 3194 1107 3281 igni

268 3302 503 3369 Perdomitae
519 3311 649 3381 mater,
668 3302 759 3368 dure
776 3302 997 3390 conscripta,
1017 3304 1169 3390 legebat

267 3410 439 3479 Chalkeli
455 3412 516 3478 vel
534 3410 793 3497 ephemeridas
809 3411 978 3477 miranda
994 3411 1174 3490 docentis,

268 3519 351 3605 Quo
368 3539 571 3605 numquam
588 3519 720 3607 pelago
738 3528 857 3586 rector
874 3519 1103 3586 mansuetior
1119 3521 1227 3587 alter.

265 3628 368 3695 Olim
384 3648 543 3712 namque
559 3629 691 3706 bonuS,
710 3626 834 3693 ventis
851 3627 1082 3694 cessantibus
1097 3637 1214 3707 aestu,

268 3736 476 3806 Deficiente
493 3737 575 3801 cibo
592 3735 844 3822 lymphisque,
863 3736 1050 3802 horrenda
1066 3736 1200 3823 cupido

266 3844 362 3913 Cum
377 3845 520 3911 fureret
535 3843 686 3931 dapium
704 3854 912 3929 nautaeque
929 3844 968 3909 in
985 3845 1098 3910 obesa
1114 3844 1284 3931 magistri

266 3954 434 4041 Tergora
449 3952 662 4021 conicerent
678 3954 804 4019 oculos
821 3952 1067 4038 comitemque
1083 3954 1290 4019 vorandum

269 4062 452 4130 Sortitura
468 4081 599 4127 necem
615 4069 760 4148 peteret
776 4080 912 4127 vesana
929 4070 1087 4138 caterva,

269 4172 330 4250 Se,
350 4179 532 4236 renuente
550 4170 630 4234 Deo
648 4170 801 4248 victum,
821 4190 902 4235 sese
919 4169 1055 4236 obtulit
1071 4190 1207 4237 escam.

266 4279 391 4366 'Quem
408 4287 620 4345 servaturus
635 4277 799 4345 viventis
815 4279 863 4345 ab
880 4299 943 4344 ore
959 4278 1134 4365 sepulcri

270 4387 502 4475 Delphinum
520 4407 540 4452 e
558 4386 655 4453 salsa
673 4388 840 4453 celerans
855 4387 1053 4474 aspergine
1070 4397 1197 4453 coetus
